@incollection{POMRRayleighScattering,
	editor = {Mark A. Richards and James A. Scheer and William A. Holm},
	booktitle = {Principles of Modern Radar},
	volume = {1},
	date = {2010},
	edition = {3rd ed.},
	author = {John F. Shaeffer},
	title = {Target Reflectivity},
	chapter = {6}
}

@incollection{RadarHandbookMeteo,
	editor = {Merrill Skolnik},
	booktitle = {Radar Handbook},
	date = {2008},
	edition = {3rd ed.},
	author = {R. Jeffery Keeler and Robert J. Serafin},
	title = {Meterological Radar},
	chapter = {19}
}

@book{RadarMeteorology,
	author = {Henri Sauvageot},
	title = {Radar Meteorology},
	date = {1992},
	chapter = {2},
	pages = {111--123}
}

@article{ProbertJones,
	author = {J. R. Probert-Jones},
	title = {The radar equation in meteorology},
	journal = {Quarterly Journal of the Royal Meteorological Society},
	date = {1962},
	volume = {88},
	pages = {485--495},
	doi = {10.1002/qj.49708837810}
}

@online{ITURAttenuation,
	title = {{ITU} Recommendation {P.676}},
	subtitle= {Attenuation by atmospheric gases and
	related effects},
	url = {https://www.itu.int/dms_pubrec/itu-r/rec/p/R-REC-P.676-12-201908-I!!PDF-E.pdf},
	organization = {International Telecommunications Union},
	urldate = {2022-01-06}
}

@article{KolliasFrontier,
	author = {Pavlos Kollias and E. E. Clothiaux and M. A. Miller and B. A. Albrecht and G. L. Stephens and T. P. Ackerman},
	title = {Millimetre-Wavelength Radars: New Frontier in Cloud and Precipitation Research},
	journal = {Bulletin of the American Meteorological Society},
	date = {2007},
	publisher = {American Meteorological Society},
	volume = {88},
	number = {10},
	doi = {10.1175/BAMS-88-10-1608},
	pages = {1608 -- 1624}
}

@online{CloudTypes,
	title = {Cloud Classification},
	organization = {Centre for Atmospheric Science, University of Manchester},
	url = {http://cas.manchester.ac.uk/resactivities/cloudphysics/background/classification},
	urldate = {2022-01-08}
}

@thesis{GorkaReflectivity,
	author = {Gorka Rubio Cidre},
	title = {Technological Developments for Millimetre-Wave Radars},
	institution = {Universidad Politecnica de Madrid},
	date = {2017},
	chapter = {3},
	pages = {85--93}
}

@thesis{ComplexIndexOfRefraction,
	author = {David J. Segelstein},
	title = {The complex refractive index of water},
	date = {1981},
	chapter = {5},
	pages = {116--161}
}

@article{BASTA,
	author = {Julien DelanoÃ« and Alain Protat and Jean-Paul Vinson and Williams Brett and Christophe Caudoux and Fabrice Bertrand and Jacques Parent du Chatelet and Ruben Hallali and Laurent Barthes and Martial Haeffeilin and Jean-Chares Dupont},
	title = {{BASTA}: A {95-GHz FMCW Doppler} Radar for Cloud and Fog Studies},
	journal = {Journal of Atmospheric and Oceanic Technology},
	volume = {33},
	issue = {5},
	date = {2016},
	pages = {1023--1038},
	doi = {10.1175/JTECH-D-15-0104.1}
}

@inproceedings{HuggardRadar,
	author = {P. G. Huggard and M. L. Oldfield and B. P. Moyna and B. N. Ellison and D. N. Matheson and A. J. Bennett and C. Gaffard and T. Oakley and J. Nash},
	title = {{94 GHz FMCW cloud radar}},
	volume = {7117},
	booktitle = {{Proc. SPIE}},
	booksubtitle = {Millimetre Wave and Terahertz Sensors and Technology},
	publisher = {{Proc. SPIE}},
	pages = {16--21},
	date = {2008},
	doi = {10.1117/12.800347}
}

@inproceedings{StAndrewsRadar,
	author = {Duncan A. Robertson and Robert I. Hunter},
	title = {A solid state {94 GHz FMCW Doppler} radar demonstrator for cloud profiling},
	volume = {10188},
	booktitle = {{Proc. SPIE}},
	booksubtitle = {{Radar Sensor Technology XXI}},
	publisher = {{Proc. SPIE}},
	pages = {345--351},
	date = {2017},
	doi = {10.1117/12.2261871}
}

@article{ARMRadarNetwork,
	author = {Pavlos Kollias and E. E. Clothiaux},
	title = {The {ARM} Radar Network: At the Leading Edge of Cloud and Precipitation Observations},
	journal = {Bulletin of the American Meteorological Society},
	volume = {101},
	issue = {5},
	date = {2020},
	doi = {10.1175/BAMS-D-18-0288.1}
}

@thesis{Cassidy,
	title = {Millimetre-wave {FMCW} radar for remote sensing and security applications},
	author = {Scott L. Cassidy},
	institution = {University of St Andrews},
	date = {2015},
	chapter = {2},
	pages = {21--36}
}

@online{NetCDFFormat,
	title = {{Network Common Data Form (NetCDF)}},
	url = {https://www.unidata.ucar.edu/software/netcdf/},
	organization = {University Corporation for Atmospheric Research},
	urldate = {2022-01-02}
}
