@online{SlowFastTimeFig,
	title = {Introduction to Radar Signal Processing},
	organization = {University of Strathclyde},
	url = {https://udrc.eng.ed.ac.uk/sites/udrc.eng.ed.ac.uk/files/attachments/Introduction%20Radar%20signal%20processing.pdf},
	urldate = {2022-03-27},
	note = {Figure from pg. 24}
}
