
@online{ExampleOutput,
	title = {{The Clouds Group: Research}},
	url = {http://www.met.reading.ac.uk/clouds/research.html},
	organization = {University of Reading},
	urldate = {2022-01-07}
}

@inproceedings{StAndrewsRadar,
	author = {Duncan A. Robertson and Robert I. Hunter},
	title = {{A solid state 94 GHz FMCW Doppler radar demonstrator for cloud profiling}},
	volume = {10188},
	booktitle = {{Proc. SPIE}},
	booksubtitle = {{Radar Sensor Technology XXI}},
	publisher = {{Proc. SPIE}},
	pages = {345--351},
	year = {2017},
	doi = {10.1117/12.2261871}
}

@incollection{POMRRayleighScattering,
	editor = {Mark A. Richards and James A. Scheer and William A. Holm},
	booktitle = {Principles of Modern Radar},
	volume = {1},
	year = {2010},
	edition = {3rd ed.},
	author = {John F. Shaeffer},
	title = {Target Reflectivity},
	chapter = {6}
}

@incollection{RadarHandbookMeteoRange,
	editor = {Merrill Skolnik},
	booktitle = {Radar Handbook},
	year = {2008},
	edition = {3rd ed.},
	author = {R. Jeffery Keeler and Robert J. Serafin},
	title = {Meterological Radar},
	chapter = {19}
}

@article{ProbertJones,
	author = {J. R. Probert-Jones},
	title = {The radar equation in meteorology},
	journal = {Quarterly Journal of the Royal Meteorological Society},
	year = {1962},
	volume = {88},
	pages = {485-495},
	doi = {10.1002/qj.49708837810}
}
